<?xml version="1.0" encoding="UTF-8"?>
  <record xmlns="http://www.loc.gov/MARC21/slim" type="Authority">
    <leader>00000nz  a2200000nc 4500</leader>
    <controlfield tag="001">004911636</controlfield>
    <controlfield tag="003">DE-101</controlfield>
    <controlfield tag="005">20220114185104.0</controlfield>
    <controlfield tag="008">890418n||azznnaabn          o| ana    |c</controlfield>
    <datafield tag="024" ind1="7" ind2=" ">
      <subfield code="a">2035473-3</subfield>
      <subfield code="0">http://d-nb.info/gnd/2035473-3</subfield>
      <subfield code="2">gnd</subfield>
    </datafield>
    <datafield tag="035" ind1=" " ind2=" ">
      <subfield code="a">(DE-101)004911636</subfield>
    </datafield>
    <datafield tag="035" ind1=" " ind2=" ">
      <subfield code="a">(DE-588)2035473-3</subfield>
    </datafield>
    <datafield tag="035" ind1=" " ind2=" ">
      <subfield code="z">(DE-588)1088176658</subfield>
    </datafield>
    <datafield tag="035" ind1=" " ind2=" ">
      <subfield code="z">(DE-588)16136286-2</subfield>
    </datafield>
    <datafield tag="035" ind1=" " ind2=" ">
      <subfield code="z">(DE-588b)16136286-2</subfield>
      <subfield code="9">v:zg</subfield>
    </datafield>
    <datafield tag="035" ind1=" " ind2=" ">
      <subfield code="z">(DE-588b)2035473-3</subfield>
      <subfield code="9">v:zg</subfield>
    </datafield>
    <datafield tag="035" ind1=" " ind2=" ">
      <subfield code="z">(DE-588)1088176674</subfield>
    </datafield>
    <datafield tag="040" ind1=" " ind2=" ">
      <subfield code="a">DE-1</subfield>
      <subfield code="c">DE-1</subfield>
      <subfield code="9">r:DE-1</subfield>
      <subfield code="b">ger</subfield>
      <subfield code="d">0025</subfield>
      <subfield code="e">rda</subfield>
    </datafield>
    <datafield tag="042" ind1=" " ind2=" ">
      <subfield code="a">gnd1</subfield>
    </datafield>
    <datafield tag="043" ind1=" " ind2=" ">
      <subfield code="c">XA-DXDE</subfield>
      <subfield code="c">XA-DE</subfield>
    </datafield>
    <datafield tag="065" ind1=" " ind2=" ">
      <subfield code="a">7.2c</subfield>
      <subfield code="2">sswd</subfield>
    </datafield>
    <datafield tag="065" ind1=" " ind2=" ">
      <subfield code="a">16.5</subfield>
      <subfield code="2">sswd</subfield>
    </datafield>
    <datafield tag="075" ind1=" " ind2=" ">
      <subfield code="b">b</subfield>
      <subfield code="2">gndgen</subfield>
    </datafield>
    <datafield tag="075" ind1=" " ind2=" ">
      <subfield code="b">kio</subfield>
      <subfield code="2">gndspec</subfield>
    </datafield>
    <datafield tag="079" ind1=" " ind2=" ">
      <subfield code="a">g</subfield>
      <subfield code="q">f</subfield>
      <subfield code="q">s</subfield>
      <subfield code="q">d</subfield>
      <subfield code="u">z</subfield>
      <subfield code="u">v</subfield>
    </datafield>
    <datafield tag="110" ind1="1" ind2=" ">
      <subfield code="a">Heiliges Römisches Reich</subfield>
      <subfield code="b">Reichstag</subfield>
    </datafield>
    <datafield tag="410" ind1="2" ind2=" ">
      <subfield code="a">Reichstag</subfield>
      <subfield code="g">Heiliges Römisches Reich</subfield>
    </datafield>
    <datafield tag="410" ind1="1" ind2=" ">
      <subfield code="a">Heiliges Römisches Reich</subfield>
      <subfield code="b">Immerwährender Reichstag</subfield>
    </datafield>
    <datafield tag="410" ind1="2" ind2=" ">
      <subfield code="a">Immerwährender Reichstag</subfield>
      <subfield code="g">Heiliges Römisches Reich</subfield>
    </datafield>
    <datafield tag="410" ind1="1" ind2=" ">
      <subfield code="a">Heiliges Römisches Reich</subfield>
      <subfield code="b">Reichsversammlung</subfield>
    </datafield>
    <datafield tag="410" ind1="2" ind2=" ">
      <subfield code="a">Reichsversammlung zu Regensburg</subfield>
    </datafield>
    <datafield tag="410" ind1="1" ind2=" ">
      <subfield code="a">Deutschland</subfield>
      <subfield code="b">Immerwährender Reichstag</subfield>
    </datafield>
    <datafield tag="410" ind1="1" ind2=" ">
      <subfield code="a">Heiliges Römisches Reich</subfield>
      <subfield code="b">Reichstag</subfield>
      <subfield code="b">Prinzipalkommission</subfield>
      <subfield code="4">spio</subfield>
      <subfield code="4">https://d-nb.info/standards/elementset/gnd#variantName</subfield>
      <subfield code="w">r</subfield>
      <subfield code="i">Spitzenorgan</subfield>
      <subfield code="e">Spitzenorgan</subfield>
    </datafield>
    <datafield tag="548" ind1=" " ind2=" ">
      <subfield code="a">1663-1806</subfield>
      <subfield code="4">datb</subfield>
      <subfield code="4">https://d-nb.info/standards/elementset/gnd#dateOfEstablishmentAndTermination</subfield>
      <subfield code="w">r</subfield>
      <subfield code="i">Zeitraum</subfield>
    </datafield>
    <datafield tag="551" ind1=" " ind2=" ">
      <subfield code="0">(DE-101)004911474</subfield>
      <subfield code="0">(DE-588)2035457-5</subfield>
      <subfield code="0">https://d-nb.info/gnd/2035457-5</subfield>
      <subfield code="a">Heiliges Römisches Reich</subfield>
      <subfield code="4">adue</subfield>
      <subfield code="4">https://d-nb.info/standards/elementset/gnd#hierarchicalSuperiorOfTheCorporateBody</subfield>
      <subfield code="w">r</subfield>
      <subfield code="i">Ueberordnung</subfield>
    </datafield>
    <datafield tag="551" ind1=" " ind2=" ">
      <subfield code="0">(DE-101)040118827</subfield>
      <subfield code="0">(DE-588)4011882-4</subfield>
      <subfield code="0">https://d-nb.info/gnd/4011882-4</subfield>
      <subfield code="a">Deutschland</subfield>
      <subfield code="4">geow</subfield>
      <subfield code="4">https://d-nb.info/standards/elementset/gnd#spatialAreaOfActivity</subfield>
      <subfield code="w">r</subfield>
      <subfield code="i">Wirkungsraum</subfield>
    </datafield>
    <datafield tag="551" ind1=" " ind2=" ">
      <subfield code="0">(DE-101)040489892</subfield>
      <subfield code="0">(DE-588)4048989-9</subfield>
      <subfield code="0">https://d-nb.info/gnd/4048989-9</subfield>
      <subfield code="a">Regensburg</subfield>
      <subfield code="4">orta</subfield>
      <subfield code="4">https://d-nb.info/standards/elementset/gnd#placeOfBusiness</subfield>
      <subfield code="w">r</subfield>
      <subfield code="i">Ort</subfield>
    </datafield>
    <datafield tag="670" ind1=" " ind2=" ">
      <subfield code="a">B</subfield>
    </datafield>
    <datafield tag="670" ind1=" " ind2=" ">
      <subfield code="b">Stand: 14.01.2022</subfield>
      <subfield code="u">https://de.wikipedia.org/wiki/Reichstag_(Heiliges_R%C3%B6misches_Reich)</subfield>
    </datafield>
    <datafield tag="678" ind1=" " ind2=" ">
      <subfield code="b">Versammlung der Reichsstände des Heiligen Römischen Reiches, bis ins 16. Jh. in unregelmäßigen Abständen jeweils in einer Bischofs- oder Reichsstadt, ab 1663 als Immerwährender Reichstag in Regensburg, 1806 mit dem Reich aufgelöst</subfield>
    </datafield>
    <datafield tag="680" ind1=" " ind2=" ">
      <subfield code="a">Ansetzung gültig für den "Immerwährenden Reichstag" in Regensburg ab 1663 (Vertretungskörperschaft). Frühere Reichstage sind als Kongresse anzusetzen (entgegen § 679,Anm.)</subfield>
    </datafield>
    <datafield tag="913" ind1=" " ind2=" ">
      <subfield code="S">gkd</subfield>
      <subfield code="i">a</subfield>
      <subfield code="a">Deutschland &lt;Römisch-Deutsches Reich&gt; / Reichstag</subfield>
      <subfield code="0">(DE-588b)2035473-3</subfield>
    </datafield>
    <datafield tag="913" ind1=" " ind2=" ">
      <subfield code="S">gkd</subfield>
      <subfield code="i">a</subfield>
      <subfield code="a">Deutschland &lt;Römisch-Deutsches Reich&gt; / Reichstag &lt;1689, Regensburg&gt;</subfield>
      <subfield code="0">(DE-588b)16136286-2</subfield>
    </datafield>
  </record>
